@article{PS2004,
title = "{Hydrogen incorporation in stishovite at high pressure and symmetric hydrogen bonding in $\delta$-AlOOH}",
journal = "Earth and Planetary Science Letters ",
volume = "221",
number = "1–4",
pages = "421 - 431",
year = "2004",
note = "",
issn = "0012-821X",
doi = "http://dx.doi.org/10.1016/S0012-821X(04)00100-1",
url = "http://www.sciencedirect.com/science/article/pii/S0012821X04001001",
author = "Wendy R Panero and Lars P Stixrude"
}

@ARTICLE{BBB2006,
   author = {{Bromiley}, G.~D. and {Bromiley}, F.~A. and {Bromiley}, D.~W.
	},
    title = "{On the mechanisms for H and Al incorporation in stishovite}",
  journal = {Physics and Chemistry of Minerals},
     year = 2006,
    month = nov,
   volume = 33,
    pages = {613-621},
      doi = {10.1007/s00269-006-0107-9},
   adsurl = {http://adsabs.harvard.edu/abs/2006PCM....33..613B},
  adsnote = {Provided by the SAO/NASA Astrophysics Data System}
}

@article{LKSOLBI2007,
title = "{High hydrogen solubility in Al-rich stishovite and water transport in the lower mantle}",
journal = "Earth and Planetary Science Letters",
volume = "262",
number = "3–4",
pages = "620 - 634",
year = "2007",
note = "",
issn = "0012-821X",
doi = "http://dx.doi.org/10.1016/j.epsl.2007.08.015",
url = "http://www.sciencedirect.com/science/article/pii/S0012821X07005341",
author = "Konstantin D. Litasov and Hiroyuki Kagi and Anton Shatskiy and Eiji Ohtani and Dmitry L. Lakshtanov and Jay D. Bass and Eiji Ito",
}

@article {CK2002,
author = {Chung, Jung In and Kagi, Hiroyuki},
title = "{High concentration of water in stishovite in the MORB system}",
journal = {Geophysical Research Letters},
volume = {29},
number = {21},
issn = {1944-8007},
url = {http://dx.doi.org/10.1029/2002GL015579},
doi = {10.1029/2002GL015579},
pages = {16-1--16-4},
keywords = {Composition of the mantle, Experimental mineralogy and petrology, High-pressure behavior, Optical, infrared, and Raman spectroscopy},
year = {2002},
note = {2020},
}

@article{Lakshtanovetal2007,
author = {Lakshtanov, Dmitry L. and Sinogeikin, Stanislav V. and Litasov, Konstantin D. and Prakapenka, Vitali B. and Hellwig, Holger and Wang, Jingyun and Sanches-Valle, Carmen and Perrillat, Jean-Philippe and Chen, Bin and Somayazulu, Maddury and Li, Jie and Ohtani, Eiji and Bass, Jay D.}, 
title = "{The post-stishovite phase transition in hydrous alumina-bearing SiO$_2$ in the lower mantle of the Earth}",
volume = {104}, 
number = {34}, 
pages = {13588-13590}, 
year = {2007}, 
doi = {10.1073/pnas.0706113104}, 
journal = {Proceedings of the National Academy of Sciences} 
}

@article{SAP2012,
title = "{X-ray diffraction from stishovite under nonhydrostatic compression to 70 GPa: Strength and elasticity across the tetragonal$\rightarrow$orthorhombic transition}",
journal = "Physics of the Earth and Planetary Interiors ",
volume = "208–209",
number = "0",
pages = "1 - 10",
year = "2012",
note = "",
issn = "0031-9201",
doi = "http://dx.doi.org/10.1016/j.pepi.2012.07.003",
url = "http://www.sciencedirect.com/science/article/pii/S0031920112001239",
author = "Anil K. Singh and Denis Andrault and Pierre Bouvier",
}

@article{Lakshtanovetal2005,
year={2005},
issn={0342-1791},
journal={Physics and Chemistry of Minerals},
volume={32},
number={7},
doi={10.1007/s00269-005-0016-3},
title="{The equation of state of Al,H-bearing SiO$_2$ stishovite to 58 GPa}",
url={http://dx.doi.org/10.1007/s00269-005-0016-3},
publisher={Springer-Verlag},
keywords={Water in the mantle; High pressure; Synchrotron X-ray diffraction; Equation of state; Water-bearing stishovite},
author={Lakshtanov, D. L. and Vanpeteghem, C. B. and Jackson, J. M. and Bass, J. D. and Shen, Guoyin and Prakapenka, V. B. and Litasov, Konstantin and Ohtani, Eiji},
pages={466-470},
language={English}
}

@ARTICLE{KCHM1995,
   author = {{Kingma}, K.~J. and {Cohen}, R.~E. and {Hemley}, R.~J. and {Mao}, H.-K.},
    title = "{Transformation of stishovite to a denser phase at lower-mantle pressures}",
  journal = {Nature},
     year = 1995,
    month = mar,
   volume = 374,
    pages = {243-245},
      doi = {10.1038/374243a0},
   adsurl = {http://adsabs.harvard.edu/abs/1995Natur.374..243K},
  adsnote = {Provided by the SAO/NASA Astrophysics Data System}
}

@ARTICLE{AFGH1998,
   author = {{Andrault}, D. and {Fiquet}, G. and {Guyot}, F. and {Hanfland}, M.
	},
    title = "{Pressure-Induced Landau-Type Transition in Stishovite}",
  journal = {Science},
     year = 1998,
    month = oct,
   volume = 282,
    pages = {720},
      doi = {10.1126/science.282.5389.720},
   adsurl = {http://adsabs.harvard.edu/abs/1998Sci...282..720A},
  adsnote = {Provided by the SAO/NASA Astrophysics Data System}
}


@ARTICLE{OHMI2002,
   author = {{Ono}, S. and {Hirose}, K. and {Murakami}, M. and {Isshiki}, M.
	},
    title = "{Post-stishovite phase boundary in SiO$_{2}$ determined by in situ X-ray observations}",
  journal = {Earth and Planetary Science Letters},
     year = 2002,
    month = apr,
   volume = 197,
    pages = {187-192},
      doi = {10.1016/S0012-821X(02)00479-X},
   adsurl = {http://adsabs.harvard.edu/abs/2002E%26PSL.197..187O},
  adsnote = {Provided by the SAO/NASA Astrophysics Data System}
}

@ARTICLE{SLB2011,
   author = {{Stixrude}, L. and {Lithgow-Bertelloni}, C.},
    title = "{Thermodynamics of mantle minerals - II. Phase equilibria}",
  journal = {Geophysical Journal International},
 keywords = {Composition of the mantle, Elasticity and anelasticity, Equations of state, High-pressure behaviour, Phase transitions, Planetary interiors},
     year = 2011,
    month = mar,
   volume = 184,
    pages = {1180-1213},
      doi = {10.1111/j.1365-246X.2010.04890.x},
   adsurl = {http://adsabs.harvard.edu/abs/2011GeoJI.184.1180S},
  adsnote = {Provided by the SAO/NASA Astrophysics Data System}
}

@article{HP2011,
author = {{Holland}, T. J. B. and {Powell}, R.},
title = {An improved and extended internally consistent thermodynamic dataset for phases of petrological interest, involving a new equation of state for solids},
journal = {Journal of Metamorphic Geology},
volume = {29},
number = {3},
publisher = {Blackwell Publishing Ltd},
issn = {1525-1314},
doi = {10.1111/j.1525-1314.2010.00923.x},
pages = {333--383},
keywords = {equation of state, internally consistent dataset, thermodynamic data},
year = {2011}
}

@article {CHRU2014,
author = {Cottaar, Sanne and Heister, Timo and Rose, Ian and Unterborn, Cayman},
title = "{BurnMan: A lower mantle mineral physics toolkit}",
journal = {Geochemistry, Geophysics, Geosystems},
volume = {15},
number = {4},
issn = {1525-2027},
url = {http://dx.doi.org/10.1002/2013GC005122},
doi = {10.1002/2013GC005122},
pages = {1164--1179},
keywords = {Elasticity and anelasticity, Equations of state, Mantle, Composition of the mantle, Modeling, open-source, elasticity},
year = {2014}
}

@ARTICLE{TY1989,
   author = {{Tsuchida}, Y. and {Yagi}, T.},
    title = "{A new, post-stishovite high-pressure polymorph of silica}",
  journal = {Nature},
 keywords = {Laser Heating, Lattice Parameters, Polymorphism, Silicon Dioxide, Stishovite, Amorphous Materials, Crystallization, Earth Mantle, Geochemistry, High Pressure, Quartz, X Ray Diffraction},
     year = 1989,
    month = jul,
   volume = 340,
    pages = {217-220},
      doi = {10.1038/340217a0},
   adsurl = {http://adsabs.harvard.edu/abs/1989Natur.340..217T},
  adsnote = {Provided by the SAO/NASA Astrophysics Data System}
}

@ARTICLE{AA1970,
   author = {{Anderson}, D.~L. and {Anderson}, O.~L.},
    title = "{Brief report: The bulk modulus-volume relationship for oxides}",
  journal = {Journal of Geophysical Research},
 keywords = {Mineralogy, Petrology, and Physical Properties of Rocks: Elasticity, fracture, and flow},
     year = 1970,
    month = jun,
   volume = 75,
    pages = {3494-3500},
      doi = {10.1029/JB075i017p03494},
   adsurl = {http://adsabs.harvard.edu/abs/1970JGR....75.3494A},
  adsnote = {Provided by the SAO/NASA Astrophysics Data System}
}

@article{HW1989,
author = {Helffrich, George and Wood, Bernard J.}, 
title = "{Subregular model for multicomponent solutions}",
volume = {74}, 
number = {9-10}, 
pages = {1016-1022}, 
year = {1989}, 
URL = {http://ammin.geoscienceworld.org/content/74/9-10/1016.short}, 
journal = {American Mineralogist} 
}

@ARTICLE{NBLBT2006,
   author = {{Nestola}, F. and {Boffa Ballaran}, T. and {Liebske}, C. and 
	{Bruno}, M. and {Tribaudino}, M.},
    title = "{High-pressure behaviour along the jadeite NaAlSi$_{2}$O$_{6}$-aegirine NaFeSi$_{2}$O$_{6}$ solid solution up to 10 GPa}",
  journal = {Physics and Chemistry of Minerals},
 keywords = {High-pressure, Na-pyroxenes, Single-crystal, X-ray diffraction, Compressibility},
     year = 2006,
    month = sep,
   volume = 33,
    pages = {417-425},
      doi = {10.1007/s00269-006-0089-7},
   adsurl = {http://adsabs.harvard.edu/abs/2006PCM....33..417N},
  adsnote = {Provided by the SAO/NASA Astrophysics Data System}
}

@article{DCW2015,
author = {Du, Wei and Clark, Simon Martin and Walker, David}, 
title = {Thermo-compression of pyrope-grossular garnet solid solutions: Non-linear compositional dependence},
volume = {100}, 
number = {1}, 
pages = {215-222}, 
year = {2015}, 
doi = {10.2138/am-2015-4752}, 
journal = {American Mineralogist} 
}

@ARTICLE{Frostetal2010,
   author = {{Frost}, D.~J. and {Asahara}, Y. and {Rubie}, D.~C. and {Miyajima}, N. and {Dubrovinsky}, L.~S. and {Holzapfel}, C. and {Ohtani}, E. and {Miyahara}, M. and {Sakai}, T.},
    title = "{Partitioning of oxygen between the Earth's mantle and core}",
  journal = {Journal of Geophysical Research (Solid Earth)},
 keywords = {Geochemistry: Composition of the core, Geochemistry: Thermodynamics (0766, 3611, 8411), Geochemistry: Geochemical modeling (3610, 8410), Geochemistry: Composition of the mantle, Mineralogy and Petrology: Experimental mineralogy and petrology, (From RPTS) iron, liquid immiscibility, FeO (From MS) oxygen, Earth's core, element partitioning, high pressure, ferropericlase, core mantle boundary},
     year = 2010,
    month = feb,
   volume = 115,
      eid = {B02202},
    pages = {2202},
      doi = {10.1029/2009JB006302},
   adsurl = {http://adsabs.harvard.edu/abs/2010JGRB..115.2202F},
  adsnote = {Provided by the SAO/NASA Astrophysics Data System}
}

@ARTICLE{Kom2014,
   author = {{Komabayashi}, T.},
    title = "{Thermodynamics of melting relations in the system Fe-FeO at high pressure: Implications for oxygen in the Earth's core}",
  journal = {Journal of Geophysical Research (Solid Earth)},
 keywords = {thermodynamics, core, iron, oxygen, high-pressure},
     year = 2014,
    month = may,
   volume = 119,
    pages = {4164-4177},
      doi = {10.1002/2014JB010980},
   adsurl = {http://adsabs.harvard.edu/abs/2014JGRB..119.4164K},
  adsnote = {Provided by the SAO/NASA Astrophysics Data System}
}


@ARTICLE{CBS1997,
   author = {{Chai}, M. and {Brown}, J.~M. and {Slutsky}, L.~J.},
    title = "{The elastic constants of a pyrope-grossular-almandine garnet to 20 Gpa}",
  journal = {Geophysical Research Letters},
 keywords = {Mineral Physics: Elasticity and anelasticity, Mineral Physics: Equations of state, Mineral Physics: High-pressure behavior, Mineralogy and Petrology: Experimental mineralogy and petrology},
     year = 1997,
   volume = 24,
    pages = {523-526},
      doi = {10.1029/97GL00371},
   adsurl = {http://adsabs.harvard.edu/abs/1997GeoRL..24..523C},
  adsnote = {Provided by the SAO/NASA Astrophysics Data System}
}

@ARTICLE{GCT1996,
   author = {{Ganguly}, J. and {Cheng}, W. and {Tirone}, M.},
    title = "{Thermodynamics of aluminosilicate garnet solid solution: new experimental data, an optimized model, and thermometric applications}",
  journal = {Contributions to Mineralogy and Petrology},
     year = 1996,
    month = dec,
   volume = 126,
    pages = {137-151},
      doi = {10.1007/s004100050240},
   adsurl = {http://adsabs.harvard.edu/abs/1996CoMP..126..137G},
  adsnote = {Provided by the SAO/NASA Astrophysics Data System}
}

@ARTICLE{TOT2007,
   author = {{Tsuno}, K. and {Ohtani}, E. and {Terasaki}, H.},
    title = "{Immiscible two-liquid regions in the Fe O S system at high pressure: Implications for planetary cores}",
  journal = {Physics of the Earth and Planetary Interiors},
     year = 2007,
    month = jan,
   volume = 160,
    pages = {75-85},
      doi = {10.1016/j.pepi.2006.09.004},
   adsurl = {http://adsabs.harvard.edu/abs/2007PEPI..160...75T},
  adsnote = {Provided by the SAO/NASA Astrophysics Data System}
}

@article{KS1995,
title = "{Thermodynamic reevaluation of the C-O, Fe-O and Ni-O systems: Remodelling of the liquid, BCC and FCC phases}",
journal = "Calphad ",
volume = "19",
number = "3",
pages = "229 - 243",
year = "1995",
note = "",
issn = "0364-5916",
doi = "10.1016/0364-5916(95)00024-9",
author = "M. Kowalski and P.J. Spencer"
}

@ARTICLE{SHCPW2008,
   author = {{Seagle}, C.~T. and {Heinz}, D.~L. and {Campbell}, A.~J. and 
	{Prakapenka}, V.~B. and {Wanless}, S.~T.},
    title = "{Melting and thermal expansion in the Fe-FeO system at high pressure}",
  journal = {Earth and Planetary Science Letters},
     year = 2008,
    month = jan,
   volume = 265,
    pages = {655-665},
      doi = {10.1016/j.epsl.2007.11.004},
   adsurl = {http://adsabs.harvard.edu/abs/2008E%26PSL.265..655S},
  adsnote = {Provided by the SAO/NASA Astrophysics Data System}
}

@ARTICLE{ADMLM2013,
   author = {{Anzellini}, S. and {Dewaele}, A. and {Mezouar}, M. and {Loubeyre}, P. and 
	{Morard}, G.},
    title = "{Melting of Iron at Earth's Inner Core Boundary Based on Fast X-ray Diffraction}",
  journal = {Science},
     year = 2013,
    month = apr,
   volume = 340,
    pages = {464-466},
      doi = {10.1126/science.1233514},
   adsurl = {http://adsabs.harvard.edu/abs/2013Sci...340..464A},
  adsnote = {Provided by the SAO/NASA Astrophysics Data System}
}

@ARTICLE{OTHOH2011,
   author = {{Ozawa}, H. and {Takahashi}, F. and {Hirose}, K. and {Ohishi}, Y. and 
	{Hirao}, N.},
    title = "{Phase Transition of FeO and Stratification in Earth's Outer Core}",
  journal = {Science},
     year = 2011,
    month = nov,
   volume = 334,
    pages = {792-},
      doi = {10.1126/science.1208265},
   adsurl = {http://adsabs.harvard.edu/abs/2011Sci...334..792O},
  adsnote = {Provided by the SAO/NASA Astrophysics Data System}
}

@ARTICLE{DKS2013,
   author = {{de Koker}, N. and {Karki}, B.~B. and {Stixrude}, L.},
    title = "{Thermodynamics of the MgO-SiO$_{2}$ liquid system in Earth's lowermost mantle from first principles}",
  journal = {Earth and Planetary Science Letters},
     year = 2013,
    month = jan,
   volume = 361,
    pages = {58-63},
      doi = {10.1016/j.epsl.2012.11.026},
   adsurl = {http://adsabs.harvard.edu/abs/2013E%26PSL.361...58D},
  adsnote = {Provided by the SAO/NASA Astrophysics Data System}
}

@article{FXMLX2015,
year={2015},
issn={0342-1791},
journal={Physics and Chemistry of Minerals},
volume={42},
number={1},
doi={10.1007/s00269-014-0700-2},
title={P–V–T equation of state of spessartine–almandine solid solution measured using a diamond anvil cell and in situ synchrotron X-ray diffraction},
publisher={Springer Berlin Heidelberg},
keywords={Spessartine–almandine solid solution; Equation of state; High pressure and high temperature; X-ray diffraction; Diamond anvil cell},
author={Fan, Dawei and Xu, Jingui and Ma, Maining and Liu, Jing and Xie, Hongsen},
pages={63-72},
language={English}
}

@article {BG1997,
author = {Bosenick, Anne and Geiger, Charles A.},
title = {Powder X ray diffraction study of synthetic pyrope-grossular garnets between 20 and 295 K},
journal = {Journal of Geophysical Research: Solid Earth},
volume = {102},
number = {B10},
issn = {2156-2202},
url = {http://dx.doi.org/10.1029/97JB01612},
doi = {10.1029/97JB01612},
pages = {22649--22657},
keywords = {Mineral and crystal chemistry, Mineral Physics: X ray, neutron, and electron spectroscopy and diffraction, Thermal expansivity, Physical thermodynamics},
year = {1997},
}

@ARTICLE{HC2014,
   author = {{Huang}, S. and {Chen}, J.},
    title = "{Equation of state of pyrope-almandine solid solution measured using a diamond anvil cell and in situ synchrotron X-ray diffraction}",
  journal = {Physics of the Earth and Planetary Interiors},
     year = 2014,
    month = mar,
   volume = 228,
    pages = {88-91},
      doi = {10.1016/j.pepi.2014.01.014},
   adsurl = {http://adsabs.harvard.edu/abs/2014PEPI..228...88H},
  adsnote = {Provided by the SAO/NASA Astrophysics Data System}
}

@ARTICLE{NCK1977,
   author = {{Newton}, R.~C. and {Charlu}, T.~V. and {Kleppa}, O.~J.},
    title = "{Thermochemistry of high pressure garnets and clinopyroxenes in the system CaO-MgO-Al$_{2}$O$_{3}$-SiO$_{2}$}",
  journal = {Geochimica et Cosmochimica Acta},
     year = 1977,
    month = mar,
   volume = 41,
    pages = {369-377},
      doi = {10.1016/0016-7037(77)90264-2},
   adsurl = {http://adsabs.harvard.edu/abs/1977GeCoA..41..369N},
  adsnote = {Provided by the SAO/NASA Astrophysics Data System}
}

@ARTICLE{HSSR1997,
   author = {{Heinemann}, S. and {Sharp}, T.~G. and {Seifert}, F. and {Rubie}, D.~C.},
    title = "{The cubic-tetragonal phase transition in the system majorite (Mg$_{4}$Si$_{4}$O$_{12}$) - pyrope (Mg$_{3}$Al$_{2}$Si$_{3}$O$_{12}$), and garnet symmetry in the Earth's transition zone}",
  journal = {Physics and Chemistry of Minerals},
     year = 1997,
   volume = 24,
    pages = {206-221},
      doi = {10.1007/s002690050034},
   adsurl = {http://adsabs.harvard.edu/abs/1997PCM....24..206H},
  adsnote = {Provided by the SAO/NASA Astrophysics Data System}
}

@article{HDLWB2010,
title = "{Relative strength of the pyrope–majorite solid solution and the flow-law of majorite containing garnets}",
journal = "Physics of the Earth and Planetary Interiors ",
volume = "179",
number = "1–2",
pages = "87 - 95",
year = "2010",
note = "",
issn = "0031-9201",
doi = "http://dx.doi.org/10.1016/j.pepi.2009.12.001",
author = "Simon A. Hunt and David P. Dobson and Li Li and Donald J. Weidner and John P. Brodholt",
}

